@article{Pauli_Letter,
    author = "Pauli, W.",
    title = "{Dear radioactive ladies and gentlemen}",
    journal = "Phys. Today",
    volume = "31N9",
    pages = "27",
    year = "1978"
}

@article{nuebar_discovery,
author = {C. L. Cowan  and F. Reines  and F. B. Harrison  and H. W. Kruse  and A. D. McGuire },
title = {Detection of the Free Neutrino: a Confirmation},
journal = {Science},
volume = {124},
number = {3212},
pages = {103-104},
year = {1956},
doi = {10.1126/science.124.3212.103},
URL = {https://www.science.org/doi/abs/10.1126/science.124.3212.103},
eprint = {https://www.science.org/doi/pdf/10.1126/science.124.3212.103}}

@article{numu_discovery,
  title = {Observation of High-Energy Neutrino Reactions and the Existence of Two Kinds of Neutrinos},
  author = {Danby, G. and Gaillard, J-M. and Goulianos, K. and Lederman, L. M. and Mistry, N. and Schwartz, M. and Steinberger, J.},
  journal = {Phys. Rev. Lett.},
  volume = {9},
  issue = {1},
  pages = {36--44},
  numpages = {0},
  year = {1962},
  month = {Jul},
  publisher = {American Physical Society},
  doi = {10.1103/PhysRevLett.9.36},
  url = {https://link.aps.org/doi/10.1103/PhysRevLett.9.36}
}

@article{nutau_discovery,
   title={Observation of tau neutrino interactions},
   volume={504},
   ISSN={0370-2693},
   url={http://dx.doi.org/10.1016/S0370-2693(01)00307-0},
   DOI={10.1016/s0370-2693(01)00307-0},
   number={3},
   journal={Physics Letters B},
   publisher={Elsevier BV},
   author={Kodama, K. and Ushida, N. and Andreopoulos, C. and Saoulidou, N. and Tzanakos, G. and Yager, P. and Baller, B. and Boehnlein, D. and Freeman, W. and Lundberg, B. and Morfin, J. and Rameika, R. and Yun, J.C. and Song, J.S. and Yoon, C.S. and Chung, S.H. and Berghaus, P. and Kubantsev, M. and Reay, N.W. and Sidwell, R. and Stanton, N. and Yoshida, S. and Aoki, S. and Hara, T. and Rhee, J.T. and Ciampa, D. and Erickson, C. and Graham, M. and Heller, K. and Rusack, R. and Schwienhorst, R. and Sielaff, J. and Trammell, J. and Wilcox, J. and Hoshino, K. and Jiko, H. and Miyanishi, M. and Komatsu, M. and Nakamura, M. and Nakano, T. and Niwa, K. and Nonaka, N. and Okada, K. and Sato, O. and Akdogan, T. and Paolone, V. and Rosenfeld, C. and Kulik, A. and Kafka, T. and Oliver, W. and Patzak, T. and Schneps, J.},
   year={2001},
   month=apr, pages={218â€“224} }

